<?xml version="1.0" encoding="UTF-8"?><collection><record><leader>04989ntm a2200541 a 4500</leader><controlfield tag="001">005983147</controlfield><controlfield tag="003">MiAaHDL</controlfield><controlfield tag="005">20190719000000.0</controlfield><controlfield tag="006">m        d        </controlfield><controlfield tag="007">cr bn ---auaua</controlfield><controlfield tag="008">090402s17uu    xx            00| ||ara d</controlfield><datafield tag="035" ind1=" " ind2=" "><subfield code="a">(MiU)005983147</subfield></datafield><datafield tag="035" ind1=" " ind2=" "><subfield code="a">sdr-miu005983147</subfield></datafield><datafield tag="040" ind1=" " ind2=" "><subfield code="a">MiU</subfield><subfield code="c">MiU</subfield><subfield code="e">amremm</subfield></datafield><datafield tag="043" ind1=" " ind2=" "><subfield code="a">n-us-mi</subfield></datafield><datafield tag="100" ind1="1" ind2=" "><subfield code="6">880-01</subfield><subfield code="a">ʻIrāqī, ʻAbd al-Raḥīm ibn al-Ḥusayn,</subfield><subfield code="d">1325-1404.</subfield></datafield><datafield tag="240" ind1="1" ind2="0"><subfield code="6">880-02</subfield><subfield code="a">Alfīyat al-ʻIrāqī</subfield></datafield><datafield tag="245" ind1="1" ind2="0"><subfield code="6">880-03</subfield><subfield code="a">Kitāb al-Alfīyah fī ʻilm al-ḥadīth,</subfield><subfield code="f">[18th century?].</subfield></datafield><datafield tag="260" ind1=" " ind2=" "><subfield code="c">[17--?]</subfield></datafield><datafield tag="300" ind1=" " ind2=" "><subfield code="a">37 leaves :</subfield><subfield code="b">paper ;</subfield><subfield code="c">222 x 142 (169 x 75) mm.</subfield></datafield><datafield tag="500" ind1=" " ind2=" "><subfield code="a">Shelfmark: Ann Arbor, University of Michigan, Special Collections Library, Isl. Ms. 25</subfield></datafield><datafield tag="500" ind1=" " ind2=" "><subfield code="a">Origin: Lacks dated colophon ; paper may suggest 18th century.</subfield></datafield><datafield tag="500" ind1=" " ind2=" "><subfield code="a">Accompanying materials: Slip of laid paper (paginated p.9-10) and slip with notes (possibly of bookseller, paginated pp.13-14).</subfield></datafield><datafield tag="500" ind1=" " ind2=" "><subfield code="a">Former Shelfmark: British Museum, London "No. 79. Al-Alfiyah fi 'l-hadith." ; "١٧٢" on tail of textblock.</subfield></datafield><datafield tag="500" ind1=" " ind2=" "><subfield code="a">Binding: Pasteboards covered in laid paper with spine and edges/turn-ins in brown leather ; Type II binding (with flap, though now lost) ; board linings in a yellow paper ; hinges in pink ; repairs in blue cloth ; sewn in blue thread, two stations ; endbands mostly gone ; in poor condition with much moisture damage, staining, abrasion, lifting and loss of leather (spine lining exposed), delaminating of boards, etc.</subfield></datafield><datafield tag="500" ind1=" " ind2=" "><subfield code="a">Support: European laid paper with 10 laid lines per cm. (vertical) and chain lines spaced 30 mm. apart (horizontal) ; watermarkof three crescents overlaid, each in a different orientation.</subfield></datafield><datafield tag="500" ind1=" " ind2=" "><subfield code="a">Decoration: Text rubricated with headings, etc. in red.</subfield></datafield><datafield tag="500" ind1=" " ind2=" "><subfield code="a">Script: Nastaʻlīq (talik) ; neat Turkish hand ; virtually serifless ; mainly closed counters ; slight effect of words descending to baseline as well as gentle slant to the right ; almost fully vocalized.</subfield></datafield><datafield tag="500" ind1=" " ind2=" "><subfield code="a">Layout: Written in 17 lines per page, divided to two columns ; frame-ruled.</subfield></datafield><datafield tag="500" ind1=" " ind2=" "><subfield code="a">Collation: 3 V (30), III+1 (37) ; chiefly quinions ; four leaves of final quire left blank ; catchwords present ; pagination in pencil, Western numerals, supplied during digitization (skips two pages between p.53-54 and includes inserts).</subfield></datafield><datafield tag="500" ind1=" " ind2=" "><subfield code="a">Colophon: "Scribal," triangular, reads: "تمت بعون الله وبمنه وحسن توفيقه وصلى الله على سيدنا محمد واله وصحبه وسلم"</subfield></datafield><datafield tag="500" ind1=" " ind2=" "><subfield code="a">Explicit: "فربنا المحمود والمشكور اليه منا ترجع الامور وافضل الصلاة والسلام على النبي سيد الاناب"</subfield></datafield><datafield tag="500" ind1=" " ind2=" "><subfield code="a">Incipit: "يقول راجي ربه المقتدر عبد الرحيم بن الحسين الاثري من بعد حمد الله ذي الالاء على امتنان جل عن احصاء ثم صلاة وسلام دائم على نبي الخير ذي المرحم فهذه المقاصد المهمة توضح من علم الحديث رسمه نظمتها تبصرة للمبتدي تذكرة للمنتهي والمسند..."</subfield></datafield><datafield tag="500" ind1=" " ind2=" "><subfield code="a">Title from 'title page' fol.1a (p.1).</subfield></datafield><datafield tag="500" ind1=" " ind2=" "><subfield code="a">Ms. codex.</subfield></datafield><datafield tag="520" ind1="8" ind2=" "><subfield code="a">Versification in alif of a collection of ḥadīth by Ibn al-Salāḥ al-Shahrazūrī (d. 643/1243).</subfield></datafield><datafield tag="538" ind1=" " ind2=" "><subfield code="a">Mode of access: Internet.</subfield></datafield><datafield tag="541" ind1=" " ind2=" "><subfield code="c">Purchase ;</subfield><subfield code="a">Acquired by purchase along with Abdul Hamid Collection (funds donated by Horace Rackham).</subfield><subfield code="d">1924.</subfield></datafield><datafield tag="546" ind1=" " ind2=" "><subfield code="a">Arabic.</subfield></datafield><datafield tag="561" ind1=" " ind2=" "><subfield code="a">Bookplate of British Museum, London on inner front cover, "No. 79. Al-Alfiyah fi 'l-hadith." ; circular seal impression with figure of goat/gazelle in purple ink as well as inscription "359" in Western numerals on fol.1a (p.1) ; circular waqf-seal impression in black ink appears on fol.1a (p.1) and several places throughout reads: "هذا وقف الراجي فيض الصمدي الشيخ احمد ضيا الدين ابن مصطفى الخالدي فمن بدله بعد ما سمعه فانما اثمه على الذين يبدلونه" in name of Aḥmad Ḍiyāʼ al-Dīn ibn Muṣṭafá al-Khālidī (i.e. Ahmed Ziyâüddîn Gümüşhanevî, d. 1893 or 4) ; occasionaly marginal corrections ; inscription on fol.1a (p.1) provides a listing of the various shurūḥ on this work and their authors.</subfield></datafield><datafield tag="600" ind1="1" ind2="0"><subfield code="a">Ibn al-Ṣalāḥ al-Shahrazūrī, ʻUthmān ibn ʻAbd al-Raḥmān,</subfield><subfield code="d">1181 or 1182-1245.</subfield></datafield><datafield tag="650" ind1=" " ind2="0"><subfield code="a">Manuscripts, Arabic</subfield><subfield code="z">Michigan</subfield><subfield code="z">Ann Arbor.</subfield></datafield><datafield tag="650" ind1=" " ind2="0"><subfield code="a">Hadith</subfield><subfield code="v">Texts</subfield><subfield code="v">Early works to 1800.</subfield></datafield><datafield tag="650" ind1=" " ind2="0"><subfield code="a">Hadith</subfield><subfield code="x">Criticism, interpretation, etc.</subfield><subfield code="v">Early works to 1800.</subfield></datafield><datafield tag="773" ind1="0" ind2=" "><subfield code="a">Tiflis Collection.</subfield></datafield><datafield tag="880" ind1="1" ind2="0"><subfield code="6">245-03/</subfield><subfield code="a">كتاب الالفية في علم الحديث,</subfield><subfield code="f">[القرن 18م؟].</subfield></datafield><datafield tag="880" ind1="1" ind2="0"><subfield code="6">240-02/</subfield><subfield code="a">الفية العراقي</subfield></datafield><datafield tag="880" ind1="1" ind2=" "><subfield code="6">100-01/</subfield><subfield code="a">عراقي، عبد الرحيم بن الحسين</subfield></datafield><datafield tag="CID" ind1=" " ind2=" "><subfield code="a">005983147</subfield></datafield><datafield tag="DAT" ind1="0" ind2=" "><subfield code="a">20190719102633.0</subfield><subfield code="b">20190719000000.0</subfield></datafield><datafield tag="DAT" ind1="1" ind2=" "><subfield code="a">20190719090653.0</subfield><subfield code="b">2019-07-19T16:11:13Z</subfield></datafield><datafield tag="DAT" ind1="2" ind2=" "><subfield code="a">2015-10-02T18:00:03Z</subfield></datafield><datafield tag="CAT" ind1=" " ind2=" "><subfield code="a">SDR-MIU</subfield><subfield code="d">EX LIBRIS - ALEPH</subfield><subfield code="l">prepare.pl-004-008</subfield></datafield><datafield tag="FMT" ind1=" " ind2=" "><subfield code="a">BK</subfield></datafield><datafield tag="HOL" ind1=" " ind2=" "><subfield code="0">sdr-miu005983147</subfield><subfield code="a">MiU</subfield><subfield code="b">SDR</subfield><subfield code="c">MIU</subfield><subfield code="p">mdp.39015079105311</subfield><subfield code="s">MIU</subfield><subfield code="1">005983147</subfield></datafield><datafield tag="974" ind1=" " ind2=" "><subfield code="b">MIU</subfield><subfield code="c">MIU</subfield><subfield code="d">20190719</subfield><subfield code="s">lit-dlps-dc</subfield><subfield code="u">mdp.39015079105311</subfield><subfield code="y">1799</subfield><subfield code="r">pd</subfield><subfield code="q">bib</subfield><subfield code="t">non-US bib date1 &lt; 1896</subfield></datafield></record></collection>